@article{smith2020,
    author = "James Smith and Thomas Brown and Bill Morgan",
    title = "A Good Article",
    journal = "Computer",
    volume = "280",
    number = "10",
    pages = "100-100",
    year = "2020"
}

@book{campbell2019,
    author = "Tom Campbell",
    pages = "500",
    publisher = "PubCo",
    location = "City State",
    title = "A super book",
    year = "2019"
}

@misc{latex,
    title = "LaTeX - A document preparation system",
    howpublished = "http://www.latex-project.org/"
}